@book{dawson2005projects,
  title={Projects in Computing and Information Systems: A Student's Guide},
  author={Dawson, C.W.},
  isbn={9780321263551},
  lccn={2005047589},
  year={2005},
  publisher={Addison-Wesley}
},
@book{weaver2004success,
  title={Success in your project: a guide to student system development projects},
  author={Weaver, P.L.},
  isbn={9780273678090},
  lccn={2003055632},
  url={http://books.google.com.np/books?id=LKZQAAAAMAAJ},
  year={2004},
  publisher={Prentice Hall}
},
@book{larman2012applying,
  title={Applying UML and Patterns: An Introduction to Object-Oriented Analysis and Design and Iterative Development, 3/e},
  author={Larman, Craig},
  year={2012},
  publisher={Pearson Education India}
},
@techreport{ieee_srs,
    journal = {IEEE Std 830-1998},
    keywords = {engineering, ieee, requirements, specification, standard},
    posted-at = {2007-05-08 20:00:10},
    priority = {2},
    title = {{IEEE recommended practice for software requirements specifications}},
    url = {http://ieeexplore.ieee.org/xpls/abs\_all.jsp?arnumber=720574},
    year = {1998}
},
@online{uml_diagrams.org,
  author={uml\_diagrams.org},
  title={UML Diagrams},
  month= july,
  year={2014},
  url={www.uml-diagrams.org}
}